@book{ramalho2022fluent,
  title         = {Fluent python},
  author        = {Ramalho, Luciano},
  year          = {2022},
  publisher     = {O'Reilly Media, Inc.}
}
@book{mckinney2012python,
  title         = {Python for data analysis: Data wrangling with Pandas, NumPy, and IPython},
  author        = {McKinney, Wes},
  year          = {2012},
  publisher     = {" O'Reilly Media, Inc."}
}
@article{scikit-learn,
  title         = {{Scikit-learn: Machine Learning in Python }},
  author        = {Pedregosa, F. and Varoquaux, G. and Gramfort, A. and Michel, V. and Thirion, B. and Grisel, O. and Blondel, M. and Prettenhofer, P. and Weiss, R. and Dubourg, V. and Vanderplas, J. and Passos, A. and Cournapeau, D. and Brucher, M. and Perrot, M. and Duchesnay, E.},
  journal       = {Journal of Machine Learning Research},
  volume        = {12},
  pages         = {2825--2830},
  year          = {2011}
}
@software{reback2020pandas,
  author        = {The pandas development team},
  title         = {pandas-dev/pandas: Pandas},
  month         = feb,
  year          = 2020,
  publisher     = {Zenodo},
  version       = {latest},
  doi           = {10.5281/zenodo.3509134},
  url           = {https://doi.org/10.5281/zenodo.3509134}
}
@article{harris2020array,
  title         = {Array programming with {NumPy}},
  author        = {Charles R. Harris and K. Jarrod Millman and St{\'{e}}fan J. van der Walt and Ralf Gommers and Pauli Virtanen and David Cournapeau and Eric Wieser and Julian Taylor and Sebastian Berg and Nathaniel J. Smith and Robert Kern and Matti Picus and Stephan Hoyer and Marten H. van Kerkwijk and Matthew Brett and Allan Haldane and Jaime Fern{\'{a}}ndez del R{\'{i}}o and Mark Wiebe and Pearu Peterson and Pierre G{\'{e}}rard-Marchant and Kevin Sheppard and Tyler Reddy and Warren Weckesser and Hameer Abbasi and Christoph Gohlke and Travis E. Oliphant},
  year          = {2020},
  month         = sep,
  journal       = {Nature},
  volume        = {585},
  number        = {7825},
  pages         = {357--362},
  doi           = {10.1038/s41586-020-2649-2},
  publisher     = {Springer Science and Business Media {LLC}},
  url           = {https://doi.org/10.1038/s41586-020-2649-2}
}
@article{Hunter2007,
  author        = {Hunter, J. D.},
  title         = {Matplotlib: A 2D graphics environment},
  journal       = {Computing in Science \& Engineering},
  volume        = {9},
  number        = {3},
  pages         = {90--95},
  abstract      = {Matplotlib is a 2D graphics package used for Python for application development, interactive scripting, and publication-quality image generation across user interfaces and operating systems.},
  publisher     = {IEEE COMPUTER SOC},
  doi           = {10.1109/MCSE.2007.55},
  year          = 2007
}
@article{Waskom2021,
  doi           = {10.21105/joss.03021},
  url           = {https://doi.org/10.21105/joss.03021},
  year          = {2021},
  publisher     = {The Open Journal},
  volume        = {6},
  number        = {60},
  pages         = {3021},
  author        = {Michael L. Waskom},
  title         = {seaborn: statistical data visualization},
  journal       = {Journal of Open Source Software}
}
@software{bengfort_yellowbrick_2018,
  title         = {Yellowbrick},
  rights        = {Apache License 2.0},
  url           = {http://www.scikit-yb.org/en/latest/},
  abstract      = {Yellowbrick is an open source, pure Python project that extends the Scikit-Learn {API} with visual analysis and diagnostic tools. The Yellowbrick {API} also wraps Matplotlib to create publication-ready figures and interactive data explorations while still allowing developers fine-grain control of figures. For users, Yellowbrick can help evaluate the performance, stability, and predictive value of machine learning models, and assist in diagnosing problems throughout the machine learning workflow.},
  version       = {0.9.1},
  author        = {Bengfort, Benjamin and Bilbro, Rebecca and Danielsen, Nathan and Gray, Larry and {McIntyre}, Kristen and Roman, Prema and Poh, Zijie and others},
  date          = {2018-11-14},
  year          = {2018},
  doi           = {10.5281/zenodo.1206264}
}
@article{geurts2006extremely,
  title         = {Extremely randomized trees},
  author        = {Geurts, Pierre and Ernst, Damien and Wehenkel, Louis},
  journal       = {Machine learning},
  volume        = {63},
  number        = {1},
  pages         = {3--42},
  year          = {2006},
  publisher     = {Springer}
}
# measure if cluster is divided correctly
@article{davies1979cluster,
  title         = {A cluster separation measure},
  author        = {Davies, David L and Bouldin, Donald W},
  journal       = {IEEE transactions on pattern analysis and machine intelligence},
  number        = {2},
  pages         = {224--227},
  year          = {1979},
  publisher     = {IEEE}
}
@article{huang2005auc,
  title         = {Using AUC and accuracy in evaluating learning algorithms},
  author        = {Huang, Jin and Ling, Charles X},
  journal       = {IEEE Transactions on knowledge and Data Engineering},
  volume        = {17},
  number        = {3},
  pages         = {299--310},
  year          = {2005},
  publisher     = {IEEE}
}
@article{hartigan1979algorithm,
  title         = {Algorithm AS 136: A k-means clustering algorithm},
  author        = {Hartigan, John A and Wong, Manchek A},
  journal       = {Journal of the royal statistical society. series c (applied statistics)},
  volume        = {28},
  number        = {1},
  pages         = {100--108},
  year          = {1979},
  publisher     = {JSTOR}
}
@article{fawcett2006introduction,
  title         = {An introduction to ROC analysis},
  author        = {Fawcett, Tom},
  journal       = {Pattern recognition letters},
  volume        = {27},
  number        = {8},
  pages         = {861--874},
  year          = {2006},
  publisher     = {Elsevier}
}
# 数学无关
@article{zhongguozhanhanqian,
  author        = {冯百龄 and 曹诗媛},
  title         = {中国战汉铅钡玻璃器刍议},
  journal       = {洛阳考古},
  year          = {2021},
  authoraddress = {西北大学文化遗产学院;},
  issue         = {01},
  pages         = {47--54},
  keywords      = {铅钡玻璃;战国秦汉;葬俗;区域差异},
  abstract      = {铅钡玻璃是中国特有的玻璃体系,其诞生自战国早期,下迄东汉,存续600余年,并由中原地区逐步扩散至周边国家地区。铅钡玻璃从战国早期单纯模仿蜻蜓眼玻璃珠到战国中期以后,以仿玉类器物为代表逐渐占据主流,并随着西汉葬玉习俗的盛行走向其巅峰,而又在东汉葬玉制度衰落以后逐渐没落。其功用经历了从单纯佩饰到丧葬礼器明器,再到世俗化佩饰的转变,其发展总体历程与战汉时期的用玉制度保持紧密关联。与此同时,随着国家的扩张和区域人群交流的密切,铅钡玻璃器出现在毗邻的国家和地区,各地区的铅钡玻璃与本地审美文化相结合,使铅钡玻璃的使用呈现出异化的趋势。以铅钡玻璃器成品或原料作为贸易交流的方式,也反映出中国与周邻地区的密切联系,从而在彼此之间构建了一条文化与物质纽带。},
  databaseprovider = {CNKI}
}
@article{gudaibolicailiao,
  author        = {胡志中 and 李佩 and 蒋璐蔓 and 王通洋 and 杜谷 and 杨波},
  title         = {古代玻璃材料LA-ICP-MS组分分析及产源研究},
  journal       = {岩矿测试},
  year          = {2020},
  authoraddress = {中国地质调查局成都地质调查中心;成都文物考古研究院;},
  volume        = {39},
  issue         = {04},
  pages         = {505--514},
  keywords      = {古代玻璃材料;LA-ICP-MS;标准物质;基体效应;校正策略},
  abstract      = {古代玻璃及玻璃质材料的定量分析对于研究其制作年代及产地、原料的来源以及制作工艺有着重要的参考意义。与电子探针(EMPA)、能谱扫描-电子显微镜(EDX-SEM)等分析方法相比,LA-ICP-MS能够快速且准确地提供样品主次量及微量元素信息。本文对LA-ICP-MS古代玻璃元素定量分析中的影响因素进行研究认为:在193nm激光下玻璃标准NIST610和康宁玻璃标准之间基体差异造成的影响较小,而采用玻璃标准NIST610为外标结合基体归一化法的校正策略测定康宁标准结果表明,该策略能够准确反映不同类型古代玻璃材料中成分组成;实验中不同剥蚀模式的研究,有助于不同实验条件的建立,从而满足不同研究的需要。本次研究对出土样品进行了分析,为该制品的产源研究提供了数据支持。},
  isbn          = {0254-5357},
  issn          = {0254-5357},
  notes         = {11-2131/TD},
  url           = {https://kns.cnki.net/kcms/detail/11.2131.TD.20200810.1027.002.html},
  doi           = {10.15898/j.cnki.11-2131/td.201909210134},
  databaseprovider = {CNKI}
}
@article{zhanguojihandai,
  author        = {林冠男},
  title         = {战国及汉代出土的平板玻璃初探},
  journal       = {文物天地},
  year          = {2017},
  issue         = {10},
  pages         = {11--15},
  keywords      = {南越王墓;古玻璃;铅钡玻璃;木椁墓;玻璃器;古代玻璃;北洞山;青铜铸造;},
  abstract      = {<正>1983年发现的西汉南越王墓是南越国第二代王赵眜的陵墓,未被盗扰,出土了万余件珍贵的具有多元文化因素的文物。由于发掘方法科学,记录详细明确,能为西汉初年的岭南古代史提供较为丰富的研究材料。墓主赵眜的下葬年代大约是公元前122年,处于西汉早期。西汉南越王墓出土了数十枚珍贵的蓝色平板玻璃,由于迄今为止已发表的战国晚期到汉代的考古材料中从未见},
  isbn          = {1000-0194},
  issn          = {1000-0194},
  notes         = {11-1533/K},
  databaseprovider = {CNKI}
}
@article{shanxilintongxinfeng,
  author        = {韩枫 and 王颖竹 and 马泓蛟 and 马清林},
  title         = {陕西临潼新丰墓地出土战国秦汉时期玻璃器分析研究},
  journal       = {光谱学与光谱分析},
  year          = {2017},
  authoraddress = {长安大学环境科学与工程学院化工系长安大学旱区地下水文与生态效应教育部重点实验室;北京科技大学科技史与文化遗产研究院;中国文化遗产研究院;},
  volume        = {37},
  issue         = {05},
  pages         = {1546--1552},
  keywords      = {铅钡玻璃;钾钙钠釉费昂斯;技术},
  abstract      = {陕西临潼新丰墓地的年代分两个阶段,第一阶段是战国中期偏晚至秦代,第二个阶段是西汉中期至东汉时期。该墓地有700余墓葬,其中12座墓葬出土玻璃制品100余件,包括蜻蜓眼珠,玻璃珠、耳珰。选取5件样品,涵盖上述三种器形。采用光学显微镜和扫描电子显微镜观察玻璃的结构特征,能谱仪分析其成分。采用激光拉曼光谱分析玻璃相中的晶体。结果显示5件玻璃样品中有4件铅钡玻璃,蓝色玻璃主要为铜离子着色,红色玻璃为Fe2O3晶体着色,白色乳浊玻璃为析晶造成的乳浊效果。1件为钾钙钠釉层的费昂斯制品,着色元素为铜和铁。同时讨论了铅钡玻璃和钾钙釉费昂斯的技术问题。},
  isbn          = {1000-0593},
  issn          = {1000-0593},
  notes         = {11-2200/O4},
  databaseprovider = {CNKI}
}
@article{yunnanluliangxianxueguanbao,
  author        = {崔剑锋 and 杨勇 and 朱忠华 and 王洪斌},
  title         = {云南陆良县薛官堡墓地出土汉代玻璃珠的分析与研究},
  journal       = {考古},
  year          = {2016},
  authoraddress = {北京大学考古文博学院;中国社会科学院考古研究所;云南省文物考古研究所;云南陆良县文物管理所;},
  issue         = {02},
  pages         = {111--120},
  keywords      = {云南;薛官堡墓地;玻璃珠;钾玻璃;汉代},
  abstract      = {<正>前言在我国古代文献及现代考古发掘报告中,玻璃器也被称为琉璃器、料器和烧料器等[1]。战国秦汉时期,玻璃制品特别是玻璃珠饰作为一类重要的随葬品,经常出现在云贵高原的一些墓葬中,如云南晋宁石寨山墓地[2]、江川李家山墓地[3]、曲靖八塔台墓地[4],以及贵州赫章可乐墓地[5]、威宁中水墓地[6]、清镇汉墓群[7]等都出土数量不等的玻璃珠饰。},
  isbn          = {0453-2899},
  issn          = {0453-2899},
  notes         = {11-1208/K},
  databaseprovider = {CNKI}
}
@article{yijianzhanguoshiqibaleng,
  author        = {王婕 and 李沫 and 马清林 and 张治国 and 章梅芳 and 王菊琳},
  title         = {一件战国时期八棱柱状铅钡玻璃器的风化研究},
  journal       = {玻璃与搪瓷},
  year          = {2014},
  authoraddress = {北京科技大学冶金与材料史研究所;北京化工大学北京市电化学过程与技术重点实验室;中国文化遗产研究院;},
  volume        = {42},
  issue         = {02},
  pages         = {6--13},
  keywords      = {八棱柱;铅钡玻璃;风化},
  abstract      = {利用三维视频显微镜、偏光显微镜、X射线衍射仪(XRD)、激光拉曼光谱(Raman)和扫描电子显微镜/能谱仪(SEM-EDX)等分析测试仪器,分析了一件战国时期淡绿色八棱柱状玻璃饰品,确定其为铅钡玻璃,主要显色元素为Cu。发现碱性环境中,Pb析出形成碳酸铅是导致其层状风化结构形成的关键。本研究分析和探讨了该件八棱柱状物的风化产物、风化形貌和元素迁移情况。},
  isbn          = {1000-2871},
  issn          = {1000-2871},
  notes         = {31-1296/TQ},
  doi           = {10.13588/j.cnki.g.e.1000-2871.2014.02.002},
  databaseprovider = {CNKI}
}
@article{hunanyuanshuiliuyu,
  author        = {崔剑锋 and 吴小红 and 谭远辉 and 王永彪},
  title         = {湖南沅水流域战国时期楚墓出土古代玻璃器的成分分析},
  journal       = {硅酸盐学报},
  year          = {2009},
  authoraddress = {北京大学考古文博学院;常德市文物处;},
  volume        = {37},
  issue         = {11},
  pages         = {1909--1913+1918},
  keywords      = {沅水流域;楚墓;铅钡玻璃;化学分析;多元统计分析},
  abstract      = {采用激光剥蚀电感耦合等离子体发射光谱技术分析了湖南沅水流域楚墓出土的11件玻璃璧和2件蜻蜓眼珠的化学成分,并对化学成分进行了多元统计分析。结果表明:这些玻璃器都属于铅钡硅系玻璃,是战国时期最重要的一种国产玻璃。玻璃璧的来源单一,而蜻蜓眼则为不同来源。与其它已经发表的铅钡玻璃璧的数据进行比较,显示湖南南部在战国时期可能是当时最主要的铅钡玻璃璧生产中心。同时探讨了不同颜色玻璃的呈色机理。结果表明,古代楚国工匠可能通过调整玻璃中铅钡硅含量的比例来控制玻璃的酸碱度,从而得到预期的玻璃颜色。},
  isbn          = {0454-5648},
  issn          = {0454-5648},
  notes         = {11-2310/TQ},
  databaseprovider = {CNKI}
}
@article{wedepohl2010chemical,
  title         = {The chemical composition of medieval wood ash glass from Central Europe},
  author        = {Wedepohl, Karl Hans and Simon, Klaus},
  journal       = {Geochemistry},
  volume        = {70},
  number        = {1},
  pages         = {89--97},
  year          = {2010},
  publisher     = {Elsevier}
}
